@inproceedings{Williams2018WaveletPF,
  title={Wavelet Pooling for Convolutional Neural Networks},
  author={Travis Williams and Robert Li},
  booktitle={ICLR},
  year={2018}
}

@inproceedings{Rippel2015SpectralRF,
  title={Spectral Representations for Convolutional Neural Networks},
  author={Oren Rippel and Jasper Snoek and Ryan P. Adams},
  booktitle={NIPS},
  year={2015}
}

@inproceedings{Ferr2018MultipleWP,
  title={Multiple Wavelet Pooling for CNNs},
  author={Aina Ferr{\`a} and Eduardo Aguilar and Petia Radeva},
  booktitle={ECCV Workshops},
  year={2018}
}
@book{Goodfellow2016DeepL,
    title={Deep Learning},
    author={Ian Goodfellow and Yoshua Bengio and Aaron Courville},
    publisher={MIT Press},
    year={2016}
}

@inproceedings{wolter2020towards,
  author={Wolter, Moritz and Lin, Shaohui and Yao, Angela},
  title={Neural network compression via learnable wavelet transforms},
  booktitle={29th International Conference on Artificial Neural Networks},
  year = {2020}
}

@article{bruna2013invariant,
  title={Invariant scattering convolution networks},
  author={Bruna, Joan and Mallat, St{\'e}phane},
  journal={IEEE transactions on pattern analysis and machine intelligence},
  volume={35},
  number={8},
  pages={1872--1886},
  year={2013},
  publisher={IEEE}
}

@inproceedings{rustamov2013wavelets,
  title={Wavelets on graphs via deep learning},
  author={Rustamov, Raif and Guibas, Leonidas J},
  booktitle={Advances in neural information processing systems},
  pages={998--1006},
  year={2013}
}

@book{strang1996wavelets,
  title={Wavelets and filter banks},
  author={Strang, Gilbert and Nguyen, Truong},
  year={1996},
  publisher={SIAM}
}

@book{vyas2018multiscale,
  title={Multiscale transforms with application to image processing},
  author={Vyas, Aparna and Yu, Soohwan and Paik, Joonki},
  year={2018},
  publisher={Springer}
}

@book{jensen2001ripples,
  title={Ripples in mathematics: the discrete wavelet transform},
  author={Jensen, Arne and la Cour-Harbo, Anders},
  year={2001},
  publisher={Springer Science \& Business Media}
}

@InProceedings{pmlr-v89-porrello19a,
  title = {Classifying Signals on Irregular Domains via Convolutional Cluster Pooling},
  author = {Porrello, Angelo and Abati, Davide and Calderara, Simone and Cucchiara, Rita},
  pages = {1388--1397},
  year = {2019},
  publisher = {PMLR}
} 

@InProceedings{Scherer2010evaluation,
  title={Evaluation of Pooling Operations in Convolutional Architectures for Object Recognition},
  author={Scherer, Dominik and M{\"u}ller, Andreas and Behnke, Sven},
  booktitle={Artificial Neural Networks -- ICANN 2010},
  year={2010},
  publisher={Springer Berlin Heidelberg},
  pages={92--101},
}

@InProceedings{Springenberg2015Striving,
  author       = "J.T. Springenberg and A. Dosovitskiy and T. Brox and M. Riedmiller",
  title        = "Striving for Simplicity: The All Convolutional Net",
  booktitle    = "ICLR (workshop track)",
  year         = "2015",
  url          = "http://lmb.informatik.uni-freiburg.de/Publications/2015/DB15a"
}

@inproceedings{tsai2015adaptive,
  title={Adaptive region pooling for object detection},
  author={Tsai, Yi-Hsuan and Hamsici, Onur C and Yang, Ming-Hsuan},
  booktitle={Proceedings of the IEEE Conference on Computer Vision and Pattern Recognition},
  pages={731--739},
  year={2015}
}

@article{McFee2018AdaptivePO,
  title={Adaptive Pooling Operators for Weakly Labeled Sound Event Detection},
  author={B. McFee and Justin Salamon and J. Bello},
  journal={IEEE/ACM Transactions on Audio, Speech, and Language Processing},
  year={2018},
  volume={26},
  pages={2180-2193}
}

@article{AbduAguye2019CompetitiveFE,
  title={Competitive Feature Extraction for Activity Recognition based on Wavelet Transforms and Adaptive Pooling},
  author={Mubarak G. Abdu-Aguye and W. Gomaa},
  journal={2019 International Joint Conference on Neural Networks (IJCNN)},
  year={2019},
  pages={1-8}
}

@article{Liu2017AdaptivePI,
  title={Adaptive Pooling in Multi-instance Learning for Web Video Annotation},
  author={Dong Liu and Y. Zhou and Xiaoyan Sun and Z. Zha and Wenjun Zeng},
  journal={2017 IEEE International Conference on Computer Vision Workshops (ICCVW)},
  year={2017},
  pages={318-327}
}

@inproceedings{Gopinath2019AdaptiveGC,
  title={Adaptive Graph Convolution Pooling for Brain Surface Analysis},
  author={K. Gopinath and Christian Desrosiers and H. Lombaert},
  booktitle={IPMI},
  year={2019}
}

@inproceedings{he2016deep,
  title={Deep residual learning for image recognition},
  author={He, Kaiming and Zhang, Xiangyu and Ren, Shaoqing and Sun, Jian},
  booktitle={Proceedings of the IEEE conference on computer vision and pattern recognition},
  pages={770--778},
  year={2016}
}

@Article{Nagrani19,
    author       = "Arsha Nagrani and Joon~Son Chung and Weidi Xie and Andrew Zisserman",
    title        = "Voxceleb: Large-scale speaker verification in the wild",
    journal      = "Computer Science and Language",
    year         = "2019",
    publisher    = "Elsevier",
}

@inproceedings{carreira2017quo,
  title={Quo vadis, action recognition? a new model and the kinetics dataset},
  author={Carreira, Joao and Zisserman, Andrew},
  booktitle={proceedings of the IEEE Conference on Computer Vision and Pattern Recognition},
  pages={6299--6308},
  year={2017}
}

@inproceedings{gulcehre2014learned,
  title={Learned-norm pooling for deep feedforward and recurrent neural networks},
  author={Gulcehre, Caglar and Cho, Kyunghyun and Pascanu, Razvan and Bengio, Yoshua},
  booktitle={Joint European Conference on Machine Learning and Knowledge Discovery in Databases},
  pages={530--546},
  year={2014},
  organization={Springer}
}

@article{lecun1998gradient,
  title={Gradient-based learning applied to document recognition},
  author={LeCun, Yann and Bottou, L{\'e}on and Bengio, Yoshua and Haffner, Patrick},
  journal={Proceedings of the IEEE},
  volume={86},
  number={11},
  pages={2278--2324},
  year={1998},
  publisher={Ieee}
}

@article{krizhevsky2009learning,
  title={Learning multiple layers of features from tiny images},
  author={Krizhevsky, Alex and Hinton, Geoffrey and others},
  year={2009},
  publisher={Citeseer}
}

@inproceedings{netzer2011reading,
  title={Reading digits in natural images with unsupervised feature learning},
  author={Netzer, Yuval and Wang, Tao and Coates, Adam and Bissacco, Alessandro and Wu, Bo and Ng, Andrew Y},
  booktitle = {NIPS Workshop on Deep Learning and Unsupervised Feature Learning},
  year={2011}
}
@Article{         Natterer:1977,
	author        = {F. Natterer},
	title         = {{Regularisierung schlecht gestellter Probleme durch
	Projektionsverfahren}},
	journal       = {Numer. Math.},
	year          = {1977},
	volume        = {28},
	pages         = {329-341}
}
@Book{            Engl.Hanke.Neubauer:1996,
	author        = {H.W. Engl and M. Hanke and A. Neubauer},
	title         = {Regularization of Inverse Problems},
	publisher     = {Kluwer},
	year          = {1996}
}

@inproceedings{paszke2017automatic,
  title={Automatic differentiation in pytorch},
  author={Paszke, Adam and Gross, Sam and Chintala, Soumith and Chanan, Gregory and Yang, Edward and DeVito, Zachary and Lin, Zeming and Desmaison, Alban and Antiga, Luca and Lerer, Adam},
  booktitle = {NIPS Workshop Autodiff},
  year={2017}
}

@inproceedings{zeiler2013stochastic,
  title={Stochastic pooling for regularization of deep convolutional neural networks},
  booktitle = {ICLR 2013},
  author={Zeiler, Matthew D and Fergus, Rob},
  url       = {http://arxiv.org/abs/1301.3557},
  note={arXiv preprint arXiv:1301.3557},
  year={2013}
}

@article{krizhevsky2014one,
  title={One weird trick for parallelizing convolutional neural networks},
  author={Krizhevsky, Alex},
  journal={arXiv preprint arXiv:1404.5997},
  year={2014}
}

@inproceedings{huang2017densely,
  title={Densely connected convolutional networks},
  author={Huang, Gao and Liu, Zhuang and Van Der Maaten, Laurens and Weinberger, Kilian Q},
  booktitle={Proceedings of the IEEE conference on computer vision and pattern recognition},
  pages={4700--4708},
  year={2017}
}

@article{Malinowski2013LearnablePR,
  title={Learnable Pooling Regions for Image Classification},
  author={Mateusz Malinowski and M. Fritz},
  journal={ICLR (workshop track)},
  year={2013}
}